@ARTICLE{YeeScheme, 
author={Kane Yee}, 
journal={Antennas and Propagation, IEEE Transactions on}, 
title={Numerical solution of initial boundary value problems involving maxwell's equations in isotropic media}, 
year={1966}, 
month={May}, 
volume={14}, 
number={3}, 
pages={302-307}, 
keywords={EMP radiation effects.;Magnetic scattering by absorbing media;Boundary conditions;Boundary value problems;Conductors;Difference equations;Differential equations;EMP radiation effects;Electromagnetic scattering;Finite difference methods;Maxwell equations;Partial differential equations}, 
doi={10.1109/TAP.1966.1138693}, 
ISSN={0018-926X},}

@article {RubenNEFEM,
author = {Sevilla, Ruben and Fernández-Méndez, Sonia and Huerta, Antonio},
title = {NURBS-enhanced finite element method (NEFEM)},
journal = {International Journal for Numerical Methods in Engineering},
volume = {76},
number = {1},
publisher = {John Wiley & Sons, Ltd.},
issn = {1097-0207},
url = {http://dx.doi.org/10.1002/nme.2311},
doi = {10.1002/nme.2311},
pages = {56--83},
keywords = {NURBS, finite elements, CAD, discontinuous Galerkin, exact geometry representation, high-order isoparametric finite elements, transient Maxwell equations},
year = {2008},
}
@book{taflove2005computational,
  title={Computational Electrodynamics: The Finite-difference Time-domain Method},
  author={Taflove, A. and Hagness, S.C.},
  isbn={9781580538329},
  lccn={2005045273},
  series={Artech House antennas and propagation library},
  url={https://books.google.co.uk/books?id=n2ViQgAACAAJ},
  year={2005},
  publisher={Artech House}
}

@article{niegemann2007higher,
  title={Higher-order time-domain simulations of Maxwell's equations using Krylov-subspace methods},
  author={Niegemann, Jens and Tkeshelashvili, Lasha and Busch, Kurt},
  journal={Journal of Computational and Theoretical Nanoscience},
  volume={4},
  number={3},
  pages={627--634},
  year={2007},
  publisher={American Scientific Publishers}
}

@article{ji2007high,
  title={High-order DGTD methods for dispersive Maxwell's equations and modelling of silver nanowire coupling},
  author={Ji, Xia and Cai, Wei and Zhang, Pingwen},
  journal={International journal for numerical methods in engineering},
  volume={69},
  number={2},
  pages={308--325},
  year={2007},
  publisher={Wiley Online Library}
}
@book{taflove2013advances,
  title={Advances in FDTD computational electrodynamics: photonics and nanotechnology},
  author={A. Taflove and A. Oskooi and S. G. Johnson},
  year={2013},
  publisher={Artech house}
}
@book{donea2003finite,
  title={Finite element methods for flow problems},
  author={Donea, Jean and Huerta, Antonio},
  year={2003},
  publisher={John Wiley \& Sons}
}